<record><leader>02397nam a2200553 a 4500</leader><controlfield tag="001">6809422</controlfield><controlfield tag="003">OCoLC</controlfield><controlfield tag="005">20150218185145.0</controlfield><controlfield tag="006">m     o  d        </controlfield><controlfield tag="007">cr unu</controlfield><controlfield tag="008">150218s2015    maua    ob    001 0 eng d</controlfield><datafield ind1=" " ind2=" " tag="020"><subfield code="a">9780081001899</subfield></datafield><datafield ind1=" " ind2=" " tag="020"><subfield code="a">0081001894</subfield></datafield><datafield ind1=" " ind2=" " tag="020"><subfield code="z">9780081001615</subfield></datafield><datafield ind1=" " ind2=" " tag="035"><subfield code="a">ocn903609696</subfield></datafield><datafield ind1=" " ind2=" " tag="037"><subfield code="a">CL0500000555</subfield><subfield code="b">Safari Books Online</subfield></datafield><datafield ind1=" " ind2=" " tag="039"><subfield code="a">exclude</subfield></datafield><datafield ind1=" " ind2=" " tag="040"><subfield code="a">UMI</subfield><subfield code="b">eng</subfield><subfield code="e">rda</subfield><subfield code="e">pn</subfield><subfield code="c">UMI</subfield><subfield code="d">AEU</subfield></datafield><datafield ind1=" " ind2="4" tag="050"><subfield code="a">Z693.A2</subfield></datafield><datafield ind1=" " ind2=" " tag="090"><subfield code="a">Internet Access</subfield><subfield code="b">AEGMCT</subfield></datafield><datafield ind1=" " ind2=" " tag="090"><subfield code="a">Internet Access</subfield><subfield code="b">AEU</subfield></datafield><datafield ind1="1" ind2=" " tag="100"><subfield code="a">Lazarinis, Fotis,</subfield><subfield code="e">author.</subfield></datafield><datafield ind1="1" ind2="0" tag="245"><subfield code="a">Cataloguing and classification :</subfield><subfield code="b">an introduction to AACR2, RDA, DDC, LCC, LCSH and MARC 21 standards /</subfield><subfield code="c">Fotis Lazarinis.</subfield></datafield><datafield ind1="3" ind2="0" tag="246"><subfield code="a">Introduction to AACR2, RDA, DDC, LCC, LCSH and MARC 21 standards</subfield></datafield><datafield ind1="3" ind2=" " tag="246"><subfield code="a">Introduction to Anglo-American Cataloguing Rules two, Resource Description Access, Dewey Decimal Classification, Library of Congress Classification, Library of Congress Subject Headings and Machine Readable Cataloging twenty-one standards</subfield></datafield><datafield ind1=" " ind2=" " tag="250"><subfield code="a">First edition.</subfield></datafield><datafield ind1=" " ind2="1" tag="264"><subfield code="a">Waltham, MA :</subfield><subfield code="b">Chandos Publishing,</subfield><subfield code="c">[2015]</subfield></datafield><datafield ind1=" " ind2="4" tag="264"><subfield code="c">&#169;2015</subfield></datafield><datafield ind1=" " ind2=" " tag="300"><subfield code="a">1 online resource (1 volume) :</subfield><subfield code="b">illustrations.</subfield></datafield><datafield ind1=" " ind2=" " tag="336"><subfield code="a">text</subfield><subfield code="b">txt</subfield><subfield code="2">rdacontent</subfield></datafield><datafield ind1=" " ind2=" " tag="337"><subfield code="a">computer</subfield><subfield code="b">c</subfield><subfield code="2">rdamedia</subfield></datafield><datafield ind1=" " ind2=" " tag="338"><subfield code="a">online resource</subfield><subfield code="b">cr</subfield><subfield code="2">rdacarrier</subfield></datafield><datafield ind1="1" ind2=" " tag="490"><subfield code="a">Chandos information professional series</subfield></datafield><datafield ind1=" " ind2=" " tag="504"><subfield code="a">Includes bibliographical references and index.</subfield></datafield><datafield ind1=" " ind2=" " tag="506"><subfield code="a">Access restricted to authorized users and institutions.</subfield></datafield><datafield ind1=" " ind2=" " tag="588"><subfield code="a">Description based on online resource; title from title page (Safari, viewed February 6, 2015).</subfield></datafield><datafield ind1=" " ind2=" " tag="596"><subfield code="a">44</subfield></datafield><datafield ind1="0" ind2="0" tag="630"><subfield code="a">Anglo-American cataloguing rules.</subfield></datafield><datafield ind1="0" ind2="0" tag="630"><subfield code="a">Resource description &amp; access.</subfield></datafield><datafield ind1=" " ind2="0" tag="650"><subfield code="a">Information organization.</subfield></datafield><datafield ind1=" " ind2="0" tag="650"><subfield code="a">Cataloging.</subfield></datafield><datafield ind1=" " ind2="0" tag="650"><subfield code="a">Classification.</subfield></datafield><datafield ind1=" " ind2="0" tag="650"><subfield code="a">Classification, Library of Congress.</subfield></datafield><datafield ind1=" " ind2="0" tag="650"><subfield code="a">Subject headings, Library of Congress.</subfield></datafield><datafield ind1=" " ind2="0" tag="650"><subfield code="a">MARC formats.</subfield></datafield><datafield ind1=" " ind2="0" tag="830"><subfield code="a">Chandos information professional series.</subfield></datafield><datafield ind1="4" ind2="0" tag="856"><subfield code="3">University of Alberta Access</subfield><subfield code="u">http://proquest.safaribooksonline.com/?uiCode=ualberta&amp;xmlId=9780081001615</subfield><subfield code="z">(6 Concurrent Users)</subfield><subfield code="z">from Safari</subfield></datafield><datafield ind1=" " ind2=" " tag="949"><subfield code="a">Internet Access</subfield><subfield code="h">UAIN</subfield><subfield code="m">GR_MAC_INT</subfield><subfield code="z">SAFMAC</subfield></datafield><datafield ind1=" " ind2=" " tag="926"><subfield code="a">Internet Access</subfield><subfield code="w">LC</subfield><subfield code="c">1</subfield><subfield code="i">6809422-1001</subfield><subfield code="l">INTERNET</subfield><subfield code="m">UAINTERNET</subfield><subfield code="r">Y</subfield><subfield code="s">Y</subfield><subfield code="t">E-RESOURCE</subfield><subfield code="u">2/23/2015</subfield><subfield code="x">E-BOOK</subfield><subfield code="z">SAFARI</subfield></datafield></record>